1977 3433
229 115 331 171 294
527 103 986 156 SYNGENESIA
1004 140 1019 168 ‚
1093 106 1547 162 SUPERFLUA.

333 238 536 287 Similis
567 239 922 300 antecedenti,
952 259 979 290 a
1003 258 1134 307 quo:
1170 243 1311 288 caule
1338 242 1650 293 demissiore
1671 245 1855 294 tenui-

232 338 327 371 ore
357 323 563 372 sulcato
588 324 989 387 simplicissimo
1016 341 1294 391 purpureo
1313 329 1563 376 -rubello
1594 338 1681 374 aut
1711 331 1856 393 striis

233 406 566 471 maculisque
598 412 893 473 purpureis
920 412 1086 474 picto,
1117 411 1261 468 foliis
1283 427 1499 475 semper
1526 411 1744 462 alternis
1778 424 1859 460 at·-

239 506 343 554 que
375 493 655 556 petiolatis
701 495 1230 543 ovato-lanceolatis
1270 497 1329 542 in
1375 512 1599 544 acumen
1638 495 1863 561 longum

237 579 557 624 attenuatis:
604 582 877 625 serraturis
923 580 1210 628 evidenter
1257 579 1463 639 cibatis,
1501 581 1730 644 corymbo
1761 583 1863 628 mi-

238 675 343 707 nus
379 660 565 710 denso:
613 663 824 709 ramulis
864 664 1082 713 alternis
1129 664 1490 727 longioribus;
1538 665 1866 711 exterioribus

240 742 569 810 plerumque
601 748 854 812 3·floris:
884 750 1019 811 flore
1058 748 1349 794 intermedio
1378 750 1601 799 brevius
1626 749 1863 816 pedicel-

240 827 348 881 lato
380 842 687 880 constanter
702 832 915 886 differt.

343 931 503 981 Hunc
533 945 587 981 et
612 935 1041 995 antecedentem,
1069 945 1230 1000 atque
1268 934 1405 984 Seu.
1442 947 1869 981 nemorensem

244 1016 307 1062 L.
348 1021 442 1082 qui
478 1020 531 1065 in
577 1022 800 1082 regione
836 1030 1019 1067 nostra
1060 1020 1382 1083 peregrinus
1421 1031 1518 1080 est,
1555 1021 1867 1084 saepissime

245 1102 306 1148 ab
355 1102 669 1152 authoribus
707 1103 987 1169 hucusque
1037 1106 1185 1151 inter
1229 1119 1284 1151 se
1329 1115 1683 1152 commutatos
1739 1119 1872 1168 esse,

251 1185 475 1235 dubium
501 1187 639 1235 haud
663 1199 926 1253 superest.

343 1289 430 1351 11)
468 1291 598 1336 Sen.
636 1290 848 1335 Doria
881 1290 1024 1338 foliis
1054 1289 1560 1339 ovali·lanceolatis
1587 1289 1872 1338 subdecur-

247 1374 493 1424 rentibus
541 1378 759 1424 serratis
801 1374 983 1422 subtus
1021 1373 1334 1437 subpilosis‚
1372 1374 1647 1437 pedicellis
1688 1375 1878 1437 calyci-

249 1455 455 1521 busque
503 1459 945 1524 pubescentibus,
993 1459 1209 1506 floribus
1257 1458 1583 1519 corymbosis
1638 1458 1873 1511 radiatis.

249 1539 424 1586 Holzes
454 1543 678 1593 Gmiskr.
713 1545 947 1608 golderzes
988 1544 1212 1594 Greiskr.
1254 1545 1439 1590 Dor-ia.

352 1642 443 1703 (L.
482 1660 559 1709 sp.
597 1646 672 1709 pl.
712 1646 793 1695 ed.
831 1646 1015 1694 Wlld.
1055 1664 1107 1712 p.
1144 1658 1295 1709 2005.
1350 1644 1533 1703 Ejascl.
1580 1645 1774 1694 Enum.
1819 1663 1875 1711 p.

250 1724 367 1790 878·
405 1729 552 1779 Pers,
585 1746 703 1792 syn,
731 1733 805 1796 pl.
833 1731 866 1779 1.
905 1748 945 1780 c.
983 1730 1176 1794 Hoffm.
1204 1730 1366 1778 Germ
1408 1748 1458 1794 p.
1492 1743 1603 1795 147.
1643 1733 1725 1778 De
1757 1731 1911 1777 Vesc*

251 1809 336 1861 M.
377 1813 483 1861 bot.
520 1832 575 1879 p.
615 1829 733 1880 209.
771 1817 917 1880 Jacq.
948 1816 1133 1866 Austr.
1157 1827 1196 1863 t.
1237 1816 1370 1877 185.)

251 1911 576 1960 Jacobaea
611 1918 820 1964 Dorice
859 1919 925 1968 G.
956 1918 1031 1969 M,
1059 1915 1173 1964 Sclz.
1210 1916 1292 1967 Fl.
1325 1915 1373 1965 d.
1401 1914 1577 1965 Wett.
1601 1932 1652 1982 p.
1676 1929 1795 1980 214.

252 2013 471 2066 Ρενεηη.
512 2015 643 2071 Flor,
679 2019 777 2069 Jul.
814 2020 1063 2087 Augusto.

355 2115 455 2163 Ha
474 2118 518 2166 h.
558 2122 625 2166 in
660 2122 889 2186 sylvis.
940 2120 1031 2177 (In
1062 2118 1226 2182 sylvis
1259 2135 1430 2185 prope
1473 2120 1739 2183 Uettitzgen
1764 2136 1884 2183 pas-

259 2201 379 2263 sim,
404 2203 570 2252 [Vlla.
606 2205 675 2254 In
703 2207 850 2270 sylva
889 2203 1278 2251 miilzlhussz'ana
1303 2205 1596 2269 specimina
1622 2215 1652 2268 3
1682 2203 1842 2263 vidi.)

364 2304 432 2355 A.
470 2305 611 2354 Sea.
653 2309 1084 2353 sarracenico
1124 2306 1271 2355 affini
1306 2304 1460 2352 facile
1500 2305 1884 2370 distinquitur:

257 2389 399 2434 caule
422 2389 746 2456 plerumque
782 2393 960 2440 altiori
990 2393 1301 2457 saepissime
1330 2390 1470 2437 ultra
1499 2388 1884 2453 5-pedali,so-

258 2473 343 2519 liis
379 2475 852 2539 amplexicaulibus
884 2474 1390 2525 subdecurrentibus
1430 2474 1884 2522 ovali-lanceola-

261 2562 332 2607 tis
360 2562 619 2623 utrinque
653 2564 939 2610 attenuatis
966 2560 1400 2608 flaccescentibus
1431 2561 1580 2623 quasi
1610 2558 1885 2607 nebulosis

259 2654 408 2691 tactu
428 2644 724 2710 pinquibus
752 2660 907 2707 supra
935 2645 1130 2709 glabris
1159 2643 1329 2689 subtus
1357 2644 1664 2708 subpilosis‚
1689 2659 1891 2707 corym-

263 2727 322 2773 bo
347 2731 654 2792 speciosiori
689 2729 925 2779 densiori
966 2731 1346 2789 ramosissimo,
1379 2727 1678 2791 pedunculis
1718 2727 1890 2777 firmi-

263 2813 444 2861 oribus
470 2825 630 2881 atque
657 2815 910 2881 calycibus
934 2814 1366 2882 pubescentibus,
