1977 3433
431 134 893 187 SYNGENESIA
906 170 921 198 ‚
992 133 1375 208 AEQUALIS.
1611 138 1675 191 26
1679 150 1708 203 5

185 268 346 315 Hah.
407 272 471 316 in
507 273 806 333 aprio-133,
850 274 1173 318 montosis
1196 307 1212 335 ,
1261 275 1324 319 in
1358 274 1710 335 juniperi-

83 353 176 397 τίς
210 362 265 397 et
292 356 544 415 pinetis
580 357 802 404 siccis.
874 355 965 417 (In
1026 358 1221 420 apricis
1284 359 1488 423 pinetis
1535 371 1711 422 prope

81 436 452 495 Arnslmussen,
480 438 784 501 Jxr'iicllingen
818 451 872 487 et
895 438 1268 489 Ehenlzazcssen.
1339 443 1405 490 In
1429 453 1616 490 monte
1643 450 1707 490 st.

79 524 245 567 crucis
275 539 464 571 versus
487 521 878 583 Bisclzofslzeim‚
901 525 1425 591 praesertim-supra.
1459 530 1710 590 semitam,

80 621 239 670 quam
268 604 549 651 Kniebreclz
572 605 846 669 adpellant
875 617 930 653 et
955 609 1013 653 in
1040 606 1226 655 multis
1259 608 1373 656 aliis
1395 613 1708 680 regionibus

77 688 249 736 dictae
310 688 506 736 indolis
561 690 798 735 Rhoerzae
828 690 1099 754 frequens.
1170 689 1237 737 In
1273 697 1473 756 asperis
1500 696 1711 761 lapido-

75 775 147 820 sis
173 789 344 838 prope
371 773 628 819 ZVeustczdt
650 790 696 821 a.
731 772 785 823 S.
825 789 1011 824 versus
1040 773 1491 827 lVeclzterswinkel
1525 793 1579 830 et
1607 782 1707 830 ali-

74 857 129 904 bi
165 858 386 921 rarius.)

174 959 350 1006 Radix
404 960 580 1027 longa,
636 960 945 1024 cylindrica‚
988 962 1238 1027 pollicari
1283 965 1545 1029 crassitie,
1580 983 1707 1032 pro..

72 1043 241 1092 funde
270 1044 615 1108 descendens,
640 1057 779 1092 extus
817 1050 972 1111 nigra
1007 1062 1218 1111 rugosa,
1247 1064 1458 1109 superne
1480 1066 1705 1102 ramosa.

75 1122 250 1174 Cau'lz's
275 1144 299 1179 1
321 1129 544 1194 —florus‚
584 1132 953 1192 brevissimus,
986 1131 1231 1193 uncialis,
1265 1132 1527 1184 diametro
1558 1136 1707 1186 floris

70 1213 246 1262 multo
270 1214 504 1266 brevior,
567 1216 728 1262 solia
763 1215 949 1279 multa,
988 1234 1016 1264 e
1043 1215 1234 1265 radicis
1260 1219 1570 1268 summitate
1600 1233 1707 1270 sta-

67 1298 170 1344 tim
200 1300 467 1360 exeuntia,
495 1304 589 1348 vix
625 1301 896 1365 petiolata,
936 1304 994 1349 in
1027 1302 1214 1350 orbem
1256 1300 1546 1368 disposita,
1586 1305 1703 1353 lan-

67 1381 286 1444 ceolata,
310 1381 507 1446 glabra,
535 1385 879 1449 pinnatifida:
933 1386 1139 1432 laciniis
1169 1386 1383 1451 plicatis
1413 1387 1607 1438 Iobatis
1633 1392 1706 1439 si-

69 1476 234 1513 nuato
253 1493 274 1500 -
295 1466 529 1518 dentatis
547 1488 560 1530 3
613 1469 843 1515 dentibus
881 1472 1330 1536 spinescentibus.
1399 1473 1519 1519 Flos
1543 1477 1708 1525 invo-‘

66 1549 323 1612 lucratus,
349 1554 406 1599 in
445 1553 623 1602 medio
660 1553 917 1604 foliorum
951 1556 1180 1604 haerens
1219 1559 1374 1621 eique
1410 1561 1556 1624 quasi
1593 1563 1704 1608 irn—

67 1650 305 1700 pressus,
346 1652 592 1701 magnus,
633 1643 1076 1703 speciosissimus,
1117 1640 1280 1702 albus,
1321 1642 1380 1689 in
1428 1643 1541 1691 sole
1579 1646 1704 1709 pul-

67 1719 333 1768 cherrime
360 1723 541 1770 nitens
569 1734 730 1788 atque
761 1740 1039 1789 expansus.
1075 1726 1333 1772 Involucri
1355 1727 1544 1787 foliola
1572 1733 1704 1795 pin-

65 1803 314 1866 natifida,
358 1817 676 1869 tomentosa‚
731 1809 946 1872 viridia,
1001 1812 1172 1877 spinis
1219 1810 1406 1860 divisis
1466 1815 1700 1868 obsessa.

65 1888 254 1953 Plzylla
288 1892 573 1941 involucro
617 1891 782 1957 duplo
831 1904 920 1940 aut
948 1895 1124 1959 3-plo
1173 1895 1440 1961 longiora,
1479 1898 1700 1950 lineari-

69 1972 384 2040 lanceolata,
412 1976 575 2039 arida,
607 1977 736 2039 alba,
765 1978 956 2041 nitida,
985 1979 1195 2028 radium
1218 1983 1564 2034 mentientia.

164 2075 352 2125 Flores
403 2089 761 2142 perennantes
806 2081 994 2129 siccati
1032 2083 1194 2131 etiam
1228 2083 1697 2147 pulchritudinem

63 2175 174 2210 non
211 2164 541 2212 ammittunt.

163 2246 230 2294 In
273 2246 456 2312 planta
494 2248 618 2295 viva
637 2248 839 2309 florum
873 2249 1051 2297 radius
1092 2251 1178 2300 die
1218 2264 1272 2302 et
1315 2253 1463 2303 coelo
1499 2271 1695 2307 sereno

61 2344 338 2395 expanSUS‚
368 2343 528 2380 nocte
555 2347 687 2381 vero
714 2343 768 2380 et
797 2344 1049 2399 tempore
1076 2337 1331 2402 pluvioso
1362 2338 1570 2394 clausus
1597 2354 1696 2394 est.

162 2432 217 2495 2)
259 2429 308 2481 C.
349 2433 724 2479 caulescens
760 2436 910 2484 caule
947 2448 968 2486 1
990 2465 1011 2476 ·
1037 2438 1164 2487 Horo
1191 2439 1384 2488 florem
1412 2442 1696 2494 multoties

56 2528 368 2581 superante,
396 2518 693 2568 involucris
727 2520 909 2575 fuscis.
985 2523 1220 2570 Gestielte
1254 2525 1454 2575 Ebetw.

160 2600 332 2661 (Pers.
377 2618 497 2665 syn.
540 2602 617 2668 pl.
654 2604 691 2655 l.
733 2622 778 2656 c.
833 2604 892 2656 C.
949 2607 1122 2656 Bauli.
1169 2609 1289 2658 Pin.
1337 2628 1388 2677 p.
1425 2617 1543 2678 380.
1575 2613 1693 2665 Joh.

56 2682 228 2734 Bauli.
263 2684 403 2736 Hist.
431 2687 532 2735 ΠΙ.
568 2704 622 2752 p.
671 2689 738 2752 64
779 2702 833 2739 et
867 2692 957 2757 fig.
1016 2692 1073 2738 V
1066 2693 1274 2745 olcham.
1308 2697 1389 2746 Fl.
1425 2699 1599 2749 norib.
1639 2715 1694 2763 p.

0 2816 2 2823 ,
57 2772 149 2833 87.
172 2769 289 2818 Alb
328 2768 469 2819 Hall.
495 2771 576 2824 Fl
606 2773 712 2835 J'en.
739 2790 794 2840 p.
825 2787 946 2828 212
981 2778 1255 2825 Lamarek.
1271 2780 1490 2841 Encycl.
1527 2781 1690 2830 meth.

52 2852 171 2901 Bot.
199 2853 245 2902 I.
273 2871 327 2918 p.
365 2853 483 2906 616.
519 2855 744 2906 Weinm.
783 2860 1075 2924 Phytanth.
1117 2862 1266 2913 Icon.
1308 2863 1381 2913 ΙΙ.
1417 2882 1471 2932 p.
1513 2879 1597 2932 54.
1645 2876 1689 2920 t.

50 2947 171 3001 310.
197 2938 234 2986 f.
264 2955 303 2987 a.
335 2954 377 2988 c
398 2940 585 2989 Aaou.
611 2941 750 2995 thes,
771 2945 843 2998 II
870 2963 926 3011 p.
959 2957 1038 3011 31.
1065 2958 1103 2997 t
1135 2947 1191 2997 C.
1228 2946 1297 3009 1.)

0 3070 3 3075 .
55 3037 108 3087 C.
139 3042 573 3103 grandestora
609 3042 846 3103 flIoenclz,
883 3046 1060 3099 Meth.
1097 3065 1149 3115 p-
1189 3060 1303 3115 559·
1470 3119 1525 3165 P

1525 3136 1689 3169 erenllfu
